% Encoding: UTF-8
% Templates:

@comment{
@misc{TAG,
  author = {AUTHOR},
  title = {TITLE},
  howpublished = "\url{URL}",
  year = {YEAR}, 
  note = "[]"
}
}

@comment{
@book{TAG,
    author    = {AUTHOR},
    title     = {TITLE},
    year      = {YEAR},
    publisher = {PUBLISHER},
    address   = {ADDRESS},
}
}

@comment{
@techreport{TAG,
  author =        {AUTHOR},
  Title =         {TITLE},
  Number =        {},
  Institution =   {INSTITUTION},
  Address =       {ADDRESS},
  NOTE =          {},
  Month =         {MONTH},
  Year  =         {YEAR},
  Pages =         {PAGES},
  Files  =        {},
  URL   =         {},
  Contact =       {}
}
}

@Article{TAG,
  author    = {AUTHOR},
  title     = {TITLE},
  journal   = {JOURNAL},
  year      = {YEAR},
	month     = {MONTH},
  volume    = {VOL},
  number    = {NUMBER},
  pages     = {PAGES},
  publisher = {},
}

@InProceedings{TAG,
  author    = {AUTHOR},
  title     = {TITLE},
  booktitle = {Proc. XXnd CONF_NAME ({CONF_ACRONYM})},
  year      = {YEAR},
	pages 		= {PAGES},
	address   = {ADDRESS},
}

%%%%%%%%%%%%%%%%%%%%%%%%%%%%%%%%%%%%%%%%%%%%%%%%%

@article{gonzalez2017direct,
  title={Direct speech reconstruction from articulatory sensor data by machine learning},
  author={Gonzalez, Jose A and Cheah, Lam A and Gomez, Angel M and Green, Phil D and Gilbert, James M and Ell, Stephen R and Moore, Roger K and Holdsworth, Ed},
  journal={IEEE/ACM Transactions on Audio, Speech, and Language Processing},
  volume={25},
  number={12},
  pages={2362--2374},
  year={2017},
  publisher={IEEE}
}

@article{morise2016world,
  title={WORLD: a vocoder-based high-quality speech synthesis system for real-time applications},
  author={Morise, Masanori and Yokomori, Fumiya and Ozawa, Kenji},
  journal={IEICE TRANSACTIONS on Information and Systems},
  volume={99},
  number={7},
  pages={1877--1884},
  year={2016},
  publisher={The Institute of Electronics, Information and Communication Engineers}
}

@inproceedings{morise2017harvest,
  title={Harvest: A High-Performance Fundamental Frequency Estimator from Speech Signals.},
  author={Morise, Masanori and others},
  booktitle={INTERSPEECH},
  pages={2321--2325},
  year={2017}
}

@inproceedings{kominek2004cmu,
  title={The CMU Arctic speech databases},
  author={Kominek, John and Black, Alan W},
  booktitle={Fifth ISCA workshop on speech synthesis},
  year={2004}
}

@INPROCEEDINGS{sEMGsynthesis2016,
  author={Diener, Lorenz and Herff, Christian and Janke, Matthias 
  and Schultz, Tanja},
  booktitle={38th Annual International Conference of the IEEE 
  Engineering in Medicine and Biology Society (EMBC)}, 
  title={An initial investigation into the real-time conversion of 
  facial surface EMG signals to audible speech}, 
  year={2016},
  pages={888-891},
  doi={10.1109/EMBC.2016.7590843}
}

@article{DNNarticSynth2016,
author = {Sandesh Aryal and Ricardo Gutierrez-Osuna},
title = {Data driven articulatory synthesis with deep neural networks},
journal = {Computer Speech \& Language},
volume = {36},
pages = {260-273},
year = {2016},
issn = {0885-2308},
doi = {https://doi.org/10.1016/j.csl.2015.02.003},
}

@article{masanoriCheapTrick_2015,
author = {Masanori Morise},
title = {CheapTrick, a spectral envelope estimator for high-quality speech synthesis},
journal = {Speech Communication},
volume = {67},
pages = {1-7},
year = {2015},
issn = {0167-6393},
doi = {https://doi.org/10.1016/j.specom.2014.09.003},
}

@article{waveglow,
  author    = {Ryan Prenger and
               Rafael Valle and
               Bryan Catanzaro},
  title     = {WaveGlow: {A} Flow-based Generative Network for Speech Synthesis},
  journal   = {CoRR},
  volume    = {abs/1811.00002},
  year      = {2018},
  url       = {http://arxiv.org/abs/1811.00002},
  eprinttype = {arXiv},
  eprint    = {1811.00002},
  timestamp = {Thu, 22 Nov 2018 17:58:30 +0100},
  biburl    = {https://dblp.org/rec/journals/corr/abs-1811-00002.bib},
  bibsource = {dblp computer science bibliography, https://dblp.org}
}
